@article{galloway2012industrial,
  author    = {B. Galloway and G. P. Hancke},
  title     = {Introduction to Industrial Control Networks},
  journal   = {IEEE Communications Surveys and Tutorials},
  volume    = {15},
  number    = {2},
  pages     = {860--880},
  year      = {2012},
  month     = {Jul.},
  doi       = {10.1109/SURV.2012.020912.00124}
}

@article{patzke1998fieldbus,
  author    = {R. Patzke},
  title     = {Fieldbus basics},
  journal   = {Computer Standards and Interfaces},
  volume    = {19},
  number    = {5--6},
  pages     = {275--293},
  year      = {1998},
  month     = {Oct.}
}

@inproceedings{ferrari2004profinet,
  author    = {P. Ferrari and A. Flammini and D. Marioli and A. Taroni},
  title     = {Ethernet-based realtime communications with {PROFINET IO}},
  booktitle = {Proceedings of the IEEE Workshop on Factory Communication Systems (WFCS)},
  year      = {2004},
  pages     = {331--334}
}

@article{neumann2007communication,
  author    = {P. Neumann},
  title     = {Communication in industrial automation---What is going on?},
  journal   = {Control Engineering Practice},
  volume    = {15},
  number    = {11},
  pages     = {1332--1347},
  year      = {2007},
  month     = {Nov.}
}

@inproceedings{schumacher2008profinet,
  author    = {M. Schumacher and J. Jasperneite and K. Weber},
  title     = {A New Approach for Increasing the Performance of the Industrial Ethernet System {PROFINET}},
  booktitle = {Proceedings of the IEEE Workshop on Factory Communication Systems (WFCS)},
  address   = {Dresden},
  year      = {2008},
  month     = {May}
}

@inproceedings{jasperneite2007limits,
  author    = {J. Jasperneite and M. Schumacher and K. Weber},
  title     = {Limits of Increasing the Performance of Industrial Ethernet Protocols},
  booktitle = {Proceedings of the IEEE Conference on Emerging Technologies and Factory Automation (ETFA)},
  address   = {Patras},
  year      = {2007},
  pages     = {17--24}
}

@manual{Acromag2020EthernetIP,
  title        = {Introduction to {EtherNet/IP}: Technical Reference},
  organization = {Acromag Incorporated},
  address      = {U.S.A.},
  year         = {2020},
  howpublished = {BusWorks{\textregistered} 9xxEN-6xxx Series and BusWorks{\textregistered} XT1xx2-000 Series 10/100MB Industrial Ethernet I/O Modules},
  number       = {8500747C},
  type         = {Technical Reference},
  publisher    = {Acromag, Inc.},
  note         = {Copyright 2020, Acromag, Inc., Printed in the USA.}
}

@article{Eitel2020EtherNetVsPROFINET,
  title     = {{EtherNet/IP} versus {PROFINET}},
  author    = {Eitel, Lisa},
  journal   = {DigiKey Electronics - Articles \& Blogs},
  year      = {2020},
  month     = {5},
  day       = {11},
  url       = {https://www.digikey.com/en/articles/ethernet-ip-versus-profinet},
}

@misc{ProfinetCommunicationChannels,
  author       = {{PROFINET University}},
  title        = {{PROFINET} Communication Channels},
  year         = {2023},
  url          = {https://profinetuniversity.com/profinet-basics/profinet-communication-channels/},
  note         = {Accessed: 23.04.2025}
}

@online{DewesoftEtherCAT2023,
  author  = {Ribichini, G.},
  title   = {What is {EtherCAT} Protocol and How Does It Work?},
  year    = {2023},
  url     = {https://dewesoft.com/blog/what-is-ethercat-protocol},
  urldate = {2023-12-01},
  note    = {Accessed on 23.04.2025}
}

@inproceedings{Rostan2010EtherCAT,
  author    = {Rostan, M. and Stubbs, J. E. and Dzilno, D.},
  title     = {{EtherCAT} Enabled Advanced Control Architecture},
  booktitle = {2010 IEEE/SEMI Advanced Semiconductor Manufacturing Conference (ASMC)},
  location  = {San Francisco, CA, USA},
  year      = {2010},
  pages     = {39--44},
  doi       = {10.1109/ASMC.2010.5551414},
}

@inproceedings{WuXie2019,
  author    = {Wu, X. and Xie, L.},
  title     = {On the Wireless Extension of {PROFINET} Networks},
  booktitle = {2019 IEEE VTS Asia Pacific Wireless Communications Symposium (APWCS)},
  location  = {Singapore},
  year      = {2019},
  pages     = {1--5},
  doi       = {10.1109/VTS-APWCS.2019.8851634},
}

@inproceedings{BeckhoffETG2023,
  title        = {{EtherCAT} - The Ethernet Fieldbus},
  author       = {{Beckhoff Automation} and Rostan, M.},
  organization = {EtherCAT Technology Group},
  year         = {2023},
  url          = {https://www.beckhoff.com/media/downloads/information-media/etg_brochure_en.pdf},
  note         = {Accessed: 23.04.2025}
}
